
@booklet{rob1,
	author = {{Prof. Dr.-Ing. R. Dillmann}},
	title = {{Robotik I – Einführung in die Robotik}},
	howpublished = {Vorlesungsskript}
}

@booklet{innoKonz,
	author = {{Dr.-Ing. Björn Hein}},
	title = {{Innovative Konzepte zur Programmierung von Industrierobotern}},
	howpublished = {Vorlesungsskript}
}

@Book{Russell2003, 
   AUTHOR = {Stuart Russell and Peter Norvig},
   TITLE = {Artificial Intelligence: A Modern Approach},
   PUBLISHER = {Prentice-Hall, Englewood Cliffs, NJ},
   YEAR = {2003},
   EDITION = {2nd edition}
}

@book{Thrun2005,
	author = {Thrun, Sebastian and Burgard, Wolfram and Fox, Dieter},
	title = {Probabilistic Robotics (Intelligent Robotics and Autonomous Agents)},
	year = {2005},
	publisher = {The MIT Press},
}

@misc{rollPitchYaw,
  title  = "Roll-Pitch-Yaw",
  year = {28.04.2012},
  howpublished = "\url{http://proyectos.ciii.frc.utn.edu.ar/cuadricoptero/browser/documentacion/presentacion/figuras/roll-pitch-yaw.svg}"
}

@book{mobileRobotics,
 author = {Dudek, Gregory and Jenkin, Michael},
 title = {Computational principles of mobile robotics},
 year = {2000},
 publisher = {Cambridge University Press},
}

@article{Michael2010,
    author  = "Michael Suppa und Jens Hofschulte",
    title   = "Industrierobotik im Wandel",
    year    = "2010",
    journal = "at - Automatisierungstechnik",
    volume  = "58",
    number  = "12",
    pages   = "663-664"
}

@InProceedings{ sturm10rss-workshop,
	TITLE = "{3D} Pose Estimation, Tracking and Model Learning of Articulated Objects from Dense Depth Video using Projected Texture Stereo",
	AUTHOR = "J. Sturm and K. Konolige and C. Stachniss and W. Burgard",
	BOOKTITLE = "Proc. of the Workshop on Advanced Reasoning with Depth Cameras at the Robotics: Science and Systems Conference (RSS)",
	ADDRESS = "Zaragoze, Spain",
	YEAR = "2010",
	MONTH = "June",
titleurl = {sturm10rss.pdf},
topic={articulated-objects},
}

%	 R. Dillmann, „4.2 Stand der Servicerobotik: BMBF-Leitprojekt MORPHA (1999–2003) und SFB 588 ‚Humanoide Roboter ‘der DFG (2001–2008)“, Informatikforschung in Deutschland, 2008.
%
%Literatur
%[1]	 R. Dillmann, „4.2 Stand der Servicerobotik: BMBF-Leitprojekt MORPHA (1999–2003) und SFB 588 ‚Humanoide Roboter ‘der DFG (2001–2008)“, Informatikforschung in Deutschland, 2008.
%[2]	 M. Suppa und J. Hofschulte, „Industrierobotik im Wandel“, at-Automatisierungstechnik, Bd. 58, Nr. 12, S. 663-664, 2010.
%[3]	 J. Sturm, K. Konolige, C. Stachniss, und W. Burgard, „3D Pose Estimation, Tracking and Model Learning of Articulated Objects from Dense Depth Video using Projected Texture Stereo“, 2010.
%[4]	„s6.jpg (JPEG-Grafik, 988x550 Pixel) - Skaliert (46%)“. [Online]. Available: http://i.cdn.play.tm/s/32349/p/s6.jpg. [Accessed: 24-Apr-2012].
%[5]	„Hardware Specs | Willow Garage“. [Online]. Available: http://www.willowgarage.com/pages/pr2/specs. [Accessed: 04-Mai-2012].
%[6]	„OpenNI - OpenNI > Home“. [Online]. Available: http://www.openni.org/. [Accessed: 28-März-2012].
%[7]	„Kinect Develop | Kinect for Windows“. [Online]. Available: http://www.microsoft.com/en-us/kinectforwindows/develop/. [Accessed: 27-März-2012].
%[8]	„Microsoft Kinect now entering other than the gaming world | SayPeople“. [Online]. Available: \url{http://saypeople.com/2011/06/17/microsoft-kinect-now-entering-other-than-the-gaming-world/#axzz1lpVuRjj6}. [Accessed: 27-März-2012].
